<record><leader>00000cas a2200000 a 4500</leader><controlfield tag="001">42467740</controlfield><controlfield tag="008">990930d19uu1955cauwr ne      0    0eng c</controlfield><datafield ind1=" " ind2=" " tag="010"><subfield code="a">sn 99060907 </subfield></datafield><datafield ind1=" " ind2=" " tag="040"><subfield code="a">CNK</subfield><subfield code="b">eng</subfield><subfield code="c">CNK</subfield><subfield code="d">OCLCQ</subfield><subfield code="d">OCLCF</subfield><subfield code="d">OCLCO</subfield></datafield><datafield ind1="1" ind2=" " tag="029"><subfield code="a">AU@</subfield><subfield code="b">000021094661</subfield></datafield><datafield ind1=" " ind2=" " tag="042"><subfield code="a">pcc</subfield></datafield><datafield ind1=" " ind2=" " tag="043"><subfield code="a">n-us-ca</subfield></datafield><datafield ind1="0" ind2="0" tag="245"><subfield code="a">San Fernando Valley reporter.</subfield></datafield><datafield ind1="3" ind2=" " tag="246"><subfield code="a">Valley reporter</subfield></datafield><datafield ind1=" " ind2=" " tag="260"><subfield code="a">San Fernando, Calif. :</subfield><subfield code="b">J.H. Murray &amp; J.P. Ziegler</subfield></datafield><datafield ind1=" " ind2=" " tag="300"><subfield code="a">v.</subfield></datafield><datafield ind1=" " ind2=" " tag="310"><subfield code="a">Weekly</subfield></datafield><datafield ind1="0" ind2=" " tag="362"><subfield code="a">-v. 23, no. 28 (Aug. 7, 1955).</subfield></datafield><datafield ind1=" " ind2=" " tag="500"><subfield code="a">"San Fernando" appears in small print above "Valley Reporter."</subfield></datafield><datafield ind1=" " ind2=" " tag="588"><subfield code="a">Description based on: 17th year, no. 43 (Nov. 9, 1950).</subfield></datafield><datafield ind1=" " ind2="0" tag="651"><subfield code="a">San Fernando Valley (Calif.)</subfield><subfield code="v">Newspapers.</subfield></datafield><datafield ind1=" " ind2="7" tag="655"><subfield code="a">Newspapers.</subfield><subfield code="2">fast</subfield><subfield code="0">(OCoLC)fst01423814</subfield></datafield><datafield ind1=" " ind2="7" tag="651"><subfield code="a">California</subfield><subfield code="z">San Fernando Valley.</subfield><subfield code="2">fast</subfield><subfield code="0">(OCoLC)fst01242395</subfield></datafield><datafield ind1=" " ind2=" " tag="752"><subfield code="a">United States</subfield><subfield code="b">California</subfield><subfield code="c">Los Angeles</subfield><subfield code="d">San Fernando.</subfield></datafield><datafield ind1="0" ind2="7" tag="785"><subfield code="t">San Fernando sun (San Fernando, Calif.)</subfield><subfield code="w">(DLC)sn 96064403</subfield></datafield><datafield ind1="0" ind2="7" tag="785"><subfield code="t">San Fernando sun and Valley reporter</subfield><subfield code="w">(DLC)sn 96064471</subfield></datafield></record>